<record><leader>00000cas a22000007a 4500</leader><controlfield tag="001">25902230</controlfield><controlfield tag="008">920528d19111926wyuwr ne      0    0eng d</controlfield><datafield ind1=" " ind2=" " tag="010"><subfield code="a">sn 92067051 </subfield></datafield><datafield ind1=" " ind2=" " tag="040"><subfield code="a">NVO</subfield><subfield code="b">eng</subfield><subfield code="c">NVO</subfield><subfield code="d">OCLCQ</subfield></datafield><datafield ind1=" " ind2=" " tag="042"><subfield code="a">msc</subfield></datafield><datafield ind1="0" ind2=" " tag="130"><subfield code="a">Colony coyote (Colony, Wyo. : 1911)</subfield></datafield><datafield ind1="1" ind2="4" tag="245"><subfield code="a">The Colony coyote.</subfield></datafield><datafield ind1=" " ind2=" " tag="260"><subfield code="a">Colony, Crook County, Wyo. :</subfield><subfield code="b">C.W. Shepherd</subfield></datafield><datafield ind1=" " ind2=" " tag="300"><subfield code="a">v.</subfield></datafield><datafield ind1=" " ind2=" " tag="310"><subfield code="a">Weekly</subfield></datafield><datafield ind1="1" ind2=" " tag="362"><subfield code="a">Ceased in 1926.</subfield><subfield code="z">Cf. Homsher, L. Guide to Wyoming newspapers, 1867-1967.</subfield></datafield><datafield ind1=" " ind2=" " tag="588"><subfield code="a">Description based on: Vol. 1, no. 2 (July 12, 1911).</subfield></datafield><datafield ind1=" " ind2="4" tag="651"><subfield code="a">Colony (Wyo.)</subfield><subfield code="v">Newspapers.</subfield></datafield><datafield ind1=" " ind2="4" tag="651"><subfield code="a">Crook County (Wyo.)</subfield><subfield code="v">Newspapers.</subfield></datafield><datafield ind1=" " ind2=" " tag="752"><subfield code="a">United States</subfield><subfield code="b">Wyoming</subfield><subfield code="c">Crook</subfield><subfield code="d">Colony.</subfield></datafield><datafield ind1="0" ind2="7" tag="785"><subfield code="t">Colony news (Colony, Wyo.)</subfield><subfield code="w">(DLC)sn 92067055</subfield></datafield><datafield ind1="0" ind2="7" tag="785"><subfield code="t">Colony news and Colony coyote</subfield><subfield code="w">(DLC)sn 92067056</subfield></datafield></record>